@misc{git,
	title = {Git},
	url = {https://git-scm.com/downloads},
	urldate = {2020-04-20}
}

@misc{github_repo,
	title = {Github AgrifoodIT Repository},
	url = {https://github.com/NobleAscent/AgrifoodIT/},
	urldate = {2020-04-20}
}

@misc{redis,
	title = {Redis port for Windows},
	url = {https://github.com/tporadowski/redis},
	urldate = {2020-04-20}
}

@misc{postgresql,
	title = {PostgreSQL Database},
	url = {https://www.postgresql.org/},
	urldate = {2020-04-20}
}

@misc{celery,
	title = {Celery Distributed Task Queue},
	url = {https://github.com/celery/celery},
	urldate = {2020-04-20}
}

@misc{requirementstxt,
	title = {requirements.txt file in main branch},
	url = {https://github.com/NobleAscent/AgrifoodIT/blob/main/requirements.txt},
	urldate = {2020-04-20}
}

@misc{plotly_chart_studio,
	title = {Plotly Chart Studio},
	url = {https://plotly.com/chart-studio/},
	urldate = {2020-04-20}
}

@misc{static_dtl_tag,
	title = {Django documentation Static Tag},
	url = {https://docs.djangoproject.com/en/3.2/howto/static-files/},
	urldate = {2020-04-20}
}

@misc{datatables,
	title = {Datatables},
	url = {https://datatables.net/},
	urldate = {2020-04-20}
}

@misc{django_csrf_protection,
	title = {Django documentation CSRF protection},
	url = {https://docs.djangoproject.com/en/3.2/ref/csrf/},
	urldate = {2020-04-20}
}

@misc{stackoverflow_unittest_filefield,
	title = {What is the clean way to unittest FileField in django?},
	url = {https://stackoverflow.com/questions/4283933/what-is-the-clean-way-to-unittest-filefield-in-django},
	urldate = {2020-04-20}
}

@misc{rohit_github,
	title = {Pig Monitoring System},
	url = {https://github.com/rohitrpai/Pig-Monitoring-System/},
	urldate = {2020-04-20}
}

@misc{dash_basic_callbacks,
	title = {Basic Dash Callbacks},
	url = {https://dash.plotly.com/basic-callbacks},
	urldate = {2020-04-20}
}

@misc{django_admin,
	title = {Django documentation Django Admin},
	url = {https://docs.djangoproject.com/en/3.2/ref/contrib/admin/},
	urldate = {2020-04-20}
}